<record><leader>00000cas a22000007a 4500</leader><controlfield tag="001">15242880</controlfield><controlfield tag="008">870226d18761877wiuwr ne      0    0eng d</controlfield><datafield ind1=" " ind2=" " tag="010"><subfield code="a">sn 87052247 </subfield></datafield><datafield ind1=" " ind2=" " tag="040"><subfield code="a">NPX</subfield><subfield code="b">eng</subfield><subfield code="c">NPX</subfield><subfield code="d">NPV</subfield><subfield code="d">NVF</subfield><subfield code="d">OCLCQ</subfield><subfield code="d">OCLCF</subfield><subfield code="d">OCLCO</subfield></datafield><datafield ind1="1" ind2=" " tag="029"><subfield code="a">AU@</subfield><subfield code="b">000025824947</subfield></datafield><datafield ind1=" " ind2=" " tag="042"><subfield code="a">msc</subfield></datafield><datafield ind1=" " ind2=" " tag="043"><subfield code="a">n-us-wi</subfield></datafield><datafield ind1="0" ind2=" " tag="130"><subfield code="a">Taylor County star (Medford, Wis.)</subfield></datafield><datafield ind1="1" ind2="0" tag="245"><subfield code="a">Taylor County star.</subfield></datafield><datafield ind1="3" ind2="0" tag="246"><subfield code="a">Taylor Co. star</subfield></datafield><datafield ind1=" " ind2=" " tag="260"><subfield code="a">Medford, Wis. :</subfield><subfield code="b">George M. Patchen</subfield></datafield><datafield ind1=" " ind2=" " tag="300"><subfield code="a">v.</subfield></datafield><datafield ind1=" " ind2=" " tag="310"><subfield code="a">Weekly</subfield></datafield><datafield ind1="1" ind2=" " tag="362"><subfield code="a">Began in 1876; ceased in 1877.</subfield><subfield code="z">Cf. Oehlerts, d. Guide to Wisconsin newspapers.</subfield></datafield><datafield ind1=" " ind2=" " tag="588"><subfield code="a">Description based on: Vol. 1, no. 17 (July 8, 1876).</subfield></datafield><datafield ind1=" " ind2="0" tag="651"><subfield code="a">Taylor County (Wis.)</subfield><subfield code="v">Newspapers.</subfield></datafield><datafield ind1=" " ind2="7" tag="655"><subfield code="a">Newspapers.</subfield><subfield code="2">fast</subfield><subfield code="0">(OCoLC)fst01423814</subfield></datafield><datafield ind1=" " ind2="7" tag="651"><subfield code="a">Wisconsin</subfield><subfield code="z">Taylor County.</subfield><subfield code="2">fast</subfield><subfield code="0">(OCoLC)fst01215941</subfield></datafield><datafield ind1=" " ind2=" " tag="752"><subfield code="a">United States</subfield><subfield code="b">Wisconsin</subfield><subfield code="c">Taylor</subfield><subfield code="d">Medford.</subfield></datafield><datafield ind1="0" ind2="7" tag="785"><subfield code="t">Medford news</subfield></datafield><datafield ind1="0" ind2="7" tag="785"><subfield code="t">Taylor County star and Taylor County news</subfield><subfield code="w">(DLC)sn 86086816</subfield></datafield></record>